%% This BibTeX bibliography file was created using BibDesk.
%% https://bibdesk.sourceforge.io/

%% Created for Eyal Dolev at 2022-06-06 15:05:05 +0200 


%% Saved with string encoding Unicode (UTF-8) 



@article{lambert2005,
	author = {Patrik Lambert and Adri{\`a} de Gispert and Rafael Banchs and Jos{\'e} B. Mari{\~n}o},
	date-added = {2022-06-06 14:00:52 +0200},
	date-modified = {2022-06-06 14:04:13 +0200},
	doi = {10.1007/s10579-005-4822-5},
	journal = {Language Resource and Evalution},
	pages = {267-285},
	title = {Guidelines for Word Alignment Evaluation and Manual Alignment},
	volume = {39},
	year = {2005},
	bdsk-file-1 = {YnBsaXN0MDDSAQIDBFxyZWxhdGl2ZVBhdGhZYWxpYXNEYXRhXxBULi4vLi4vTGl0ZXJhdHVyL2dvbGRfc3RhbmRhcmQvTGFtYmVydDIwMDVfQXJ0aWNsZV9HdWlkZWxpbmVzRm9yV29yZEFsaWdubWVudEV2YWwucGRmTxECjgAAAAACjgACAAAMTWFjaW50b3NoIEhEAAAAAAAAAAAAAAAAAAAAAAAAAEJEAAH/////H0xhbWJlcnQyMDA1X0FydGljbCNGRkZGRkZGRi5wZGYAAAAAAAAAAAAAAAAAAAAAAAAAAAAAAAAAAAAAAAAAAP////8AAAAAAAAAAAAAAAAAAgADAAAKIGN1AAAAAAAAAAAAAAAAAA1nb2xkX3N0YW5kYXJkAAACAKAvOlVzZXJzOmV5YWxkb2xldjpMaWJyYXJ5OkNsb3VkU3RvcmFnZTpPbmVEcml2ZS1QZXJzb8yIbmxpY2g6VW5pOlVaSDpNYXN0ZXJhcmJlaXQ6TGl0ZXJhdHVyOmdvbGRfc3RhbmRhcmQ6TGFtYmVydDIwMDVfQXJ0aWNsZV9HdWlkZWxpbmVzRm9yV29yZEFsaWdubWVudEV2YWwucGRmAA4AbgA2AEwAYQBtAGIAZQByAHQAMgAwADAANQBfAEEAcgB0AGkAYwBsAGUAXwBHAHUAaQBkAGUAbABpAG4AZQBzAEYAbwByAFcAbwByAGQAQQBsAGkAZwBuAG0AZQBuAHQARQB2AGEAbAAuAHAAZABmAA8AGgAMAE0AYQBjAGkAbgB0AG8AcwBoACAASABEABIAnlVzZXJzL2V5YWxkb2xldi9MaWJyYXJ5L0Nsb3VkU3RvcmFnZS9PbmVEcml2ZS1QZXJzb8yIbmxpY2gvVW5pL1VaSC9NYXN0ZXJhcmJlaXQvTGl0ZXJhdHVyL2dvbGRfc3RhbmRhcmQvTGFtYmVydDIwMDVfQXJ0aWNsZV9HdWlkZWxpbmVzRm9yV29yZEFsaWdubWVudEV2YWwucGRmABMAAS8AABUAAgAQ//8AAAAIAA0AGgAkAHsAAAAAAAACAQAAAAAAAAAFAAAAAAAAAAAAAAAAAAADDQ==}}

@book{koehn2009,
	author = {Philipp Koehn},
	date-added = {2022-06-05 14:55:02 +0200},
	date-modified = {2022-06-05 15:06:03 +0200},
	publisher = {Cambridge University Press},
	title = {Statistical Machine Translation},
	year = {2009},
	bdsk-file-1 = {YnBsaXN0MDDSAQIDBFxyZWxhdGl2ZVBhdGhZYWxpYXNEYXRhXxAVLi4vLi4vLi4vTVQva29laG4ucGRmTxEBjAAAAAABjAACAAAMTWFjaW50b3NoIEhEAAAAAAAAAAAAAAAAAAAAAAAAAEJEAAH/////CWtvZWhuLnBkZgAAAAAAAAAAAAAAAAAAAAAAAAAAAAAAAAAAAAAAAAAAAAAAAAAAAAAAAAAAAAAAAAAAAAAAAP////8AAAAAAAAAAAAAAAAAAwACAAAKIGN1AAAAAAAAAAAAAAAAAAJNVAACAFEvOlVzZXJzOmV5YWxkb2xldjpMaWJyYXJ5OkNsb3VkU3RvcmFnZTpPbmVEcml2ZS1QZXJzb8yIbmxpY2g6VW5pOlVaSDpNVDprb2Vobi5wZGYAAA4AFAAJAGsAbwBlAGgAbgAuAHAAZABmAA8AGgAMAE0AYQBjAGkAbgB0AG8AcwBoACAASABEABIAT1VzZXJzL2V5YWxkb2xldi9MaWJyYXJ5L0Nsb3VkU3RvcmFnZS9PbmVEcml2ZS1QZXJzb8yIbmxpY2gvVW5pL1VaSC9NVC9rb2Vobi5wZGYAABMAAS8AABUAAgAQ//8AAAAIAA0AGgAkADwAAAAAAAACAQAAAAAAAAAFAAAAAAAAAAAAAAAAAAABzA==}}

@manual{smultron2010,
	author = {Yvonne Samuelsson; Volk, Martin; Sofia Gustafson-Capkov{\'a}; Elisabet J{\"o}nsson Steiner;},
	date-added = {2022-06-02 08:20:38 +0200},
	date-modified = {2022-06-06 10:30:57 +0200},
	edition = {Version 2.1},
	month = {August},
	organization = {Stockholm University; Department of Linguistics},
	title = {Alignment Guidelines for SMULTRON},
	year = {2010},
	bdsk-file-1 = {YnBsaXN0MDDSAQIDBFxyZWxhdGl2ZVBhdGhZYWxpYXNEYXRhXxBILi4vLi4vTGl0ZXJhdHVyL2dvbGRfc3RhbmRhcmQvQWxpZ25tZW50X0d1aWRlbGluZXNfZm9yX1NNVUxUUk9OX1YyLjEucGRmTxECXgAAAAACXgACAAAMTWFjaW50b3NoIEhEAAAAAAAAAAAAAAAAAAAAAAAAAEJEAAH/////H0FsaWdubWVudF9HdWlkZWxpbiNGRkZGRkZGRi5wZGYAAAAAAAAAAAAAAAAAAAAAAAAAAAAAAAAAAAAAAAAAAP////8AAAAAAAAAAAAAAAAAAgADAAAKIGN1AAAAAAAAAAAAAAAAAA1nb2xkX3N0YW5kYXJkAAACAJQvOlVzZXJzOmV5YWxkb2xldjpMaWJyYXJ5OkNsb3VkU3RvcmFnZTpPbmVEcml2ZS1QZXJzb8yIbmxpY2g6VW5pOlVaSDpNYXN0ZXJhcmJlaXQ6TGl0ZXJhdHVyOmdvbGRfc3RhbmRhcmQ6QWxpZ25tZW50X0d1aWRlbGluZXNfZm9yX1NNVUxUUk9OX1YyLjEucGRmAA4AVgAqAEEAbABpAGcAbgBtAGUAbgB0AF8ARwB1AGkAZABlAGwAaQBuAGUAcwBfAGYAbwByAF8AUwBNAFUATABUAFIATwBOAF8AVgAyAC4AMQAuAHAAZABmAA8AGgAMAE0AYQBjAGkAbgB0AG8AcwBoACAASABEABIAklVzZXJzL2V5YWxkb2xldi9MaWJyYXJ5L0Nsb3VkU3RvcmFnZS9PbmVEcml2ZS1QZXJzb8yIbmxpY2gvVW5pL1VaSC9NYXN0ZXJhcmJlaXQvTGl0ZXJhdHVyL2dvbGRfc3RhbmRhcmQvQWxpZ25tZW50X0d1aWRlbGluZXNfZm9yX1NNVUxUUk9OX1YyLjEucGRmABMAAS8AABUAAgAQ//8AAAAIAA0AGgAkAG8AAAAAAAACAQAAAAAAAAAFAAAAAAAAAAAAAAAAAAAC0Q==}}

@techreport{lines2007,
	author = {Lars Ahrenberg},
	date-added = {2022-06-02 08:20:38 +0200},
	date-modified = {2022-06-02 08:27:07 +0200},
	title = {LinES 1.0 Annotation: Format, Contents and Guidelines},
	year = {2007},
	bdsk-file-1 = {YnBsaXN0MDDSAQIDBFxyZWxhdGl2ZVBhdGhZYWxpYXNEYXRhXxBULi4vLi4vTGl0ZXJhdHVyL2dvbGRfc3RhbmRhcmQvTGluRVNfMTBfQW5ub3RhdGlvbl9Gb3JtYXRfQ29udGVudHNfYW5kX0d1aWRlbGluZXMucGRmTxECjgAAAAACjgACAAAMTWFjaW50b3NoIEhEAAAAAAAAAAAAAAAAAAAAAAAAAEJEAAH/////H0xpbkVTXzEwX0Fubm90YXRpbyNGRkZGRkZGRi5wZGYAAAAAAAAAAAAAAAAAAAAAAAAAAAAAAAAAAAAAAAAAAP////8AAAAAAAAAAAAAAAAAAgADAAAKIGN1AAAAAAAAAAAAAAAAAA1nb2xkX3N0YW5kYXJkAAACAKAvOlVzZXJzOmV5YWxkb2xldjpMaWJyYXJ5OkNsb3VkU3RvcmFnZTpPbmVEcml2ZS1QZXJzb8yIbmxpY2g6VW5pOlVaSDpNYXN0ZXJhcmJlaXQ6TGl0ZXJhdHVyOmdvbGRfc3RhbmRhcmQ6TGluRVNfMTBfQW5ub3RhdGlvbl9Gb3JtYXRfQ29udGVudHNfYW5kX0d1aWRlbGluZXMucGRmAA4AbgA2AEwAaQBuAEUAUwBfADEAMABfAEEAbgBuAG8AdABhAHQAaQBvAG4AXwBGAG8AcgBtAGEAdABfAEMAbwBuAHQAZQBuAHQAcwBfAGEAbgBkAF8ARwB1AGkAZABlAGwAaQBuAGUAcwAuAHAAZABmAA8AGgAMAE0AYQBjAGkAbgB0AG8AcwBoACAASABEABIAnlVzZXJzL2V5YWxkb2xldi9MaWJyYXJ5L0Nsb3VkU3RvcmFnZS9PbmVEcml2ZS1QZXJzb8yIbmxpY2gvVW5pL1VaSC9NYXN0ZXJhcmJlaXQvTGl0ZXJhdHVyL2dvbGRfc3RhbmRhcmQvTGluRVNfMTBfQW5ub3RhdGlvbl9Gb3JtYXRfQ29udGVudHNfYW5kX0d1aWRlbGluZXMucGRmABMAAS8AABUAAgAQ//8AAAAIAA0AGgAkAHsAAAAAAAACAQAAAAAAAAAFAAAAAAAAAAAAAAAAAAADDQ==}}

@inproceedings{simard-1999-text,
	author = {Simard, Michel},
	booktitle = {1999 Joint {SIGDAT} Conference on Empirical Methods in Natural Language Processing and Very Large Corpora},
	title = {Text-Translation Alignment: Three Languages Are Better Than Two},
	url = {https://aclanthology.org/W99-0602},
	year = {1999},
	bdsk-file-1 = {YnBsaXN0MDDSAQIDBFxyZWxhdGl2ZVBhdGhZYWxpYXNEYXRhXxA8Li4vLi4vTGl0ZXJhdHVyL1RleHRfVHJhbnNsYXRpb25fQWxpZ25tZW50X1RocmVlX0xhbmd1YWcucGRmTxECRgAAAAACRgACAAAMTWFjaW50b3NoIEhEAAAAAAAAAAAAAAAAAAAAAAAAAEJEAAH/////H1RleHRfVHJhbnNsYXRpb25fQSNGRkZGRkZGRi5wZGYAAAAAAAAAAAAAAAAAAAAAAAAAAAAAAAAAAAAAAAAAAP////8AAAAAAAAAAAAAAAAAAgACAAAKIGN1AAAAAAAAAAAAAAAAAAlMaXRlcmF0dXIAAAIAiC86VXNlcnM6ZXlhbGRvbGV2OkxpYnJhcnk6Q2xvdWRTdG9yYWdlOk9uZURyaXZlLVBlcnNvzIhubGljaDpVbmk6VVpIOk1hc3RlcmFyYmVpdDpMaXRlcmF0dXI6VGV4dF9UcmFuc2xhdGlvbl9BbGlnbm1lbnRfVGhyZWVfTGFuZ3VhZy5wZGYADgBaACwAVABlAHgAdABfAFQAcgBhAG4AcwBsAGEAdABpAG8AbgBfAEEAbABpAGcAbgBtAGUAbgB0AF8AVABoAHIAZQBlAF8ATABhAG4AZwB1AGEAZwAuAHAAZABmAA8AGgAMAE0AYQBjAGkAbgB0AG8AcwBoACAASABEABIAhlVzZXJzL2V5YWxkb2xldi9MaWJyYXJ5L0Nsb3VkU3RvcmFnZS9PbmVEcml2ZS1QZXJzb8yIbmxpY2gvVW5pL1VaSC9NYXN0ZXJhcmJlaXQvTGl0ZXJhdHVyL1RleHRfVHJhbnNsYXRpb25fQWxpZ25tZW50X1RocmVlX0xhbmd1YWcucGRmABMAAS8AABUAAgAQ//8AAAAIAA0AGgAkAGMAAAAAAAACAQAAAAAAAAAFAAAAAAAAAAAAAAAAAAACrQ==}}

@inproceedings{jalili-sabet-etal-2020-simalign,
	abstract = {Word alignments are useful for tasks like statistical and neural machine translation (NMT) and cross-lingual annotation projection. Statistical word aligners perform well, as do methods that extract alignments jointly with translations in NMT. However, most approaches require parallel training data and quality decreases as less training data is available. We propose word alignment methods that require no parallel data. The key idea is to leverage multilingual word embeddings {--} both static and contextualized {--} for word alignment. Our multilingual embeddings are created from monolingual data only without relying on any parallel data or dictionaries. We find that alignments created from embeddings are superior for four and comparable for two language pairs compared to those produced by traditional statistical aligners {--} even with abundant parallel data; e.g., contextualized embeddings achieve a word alignment F1 for English-German that is 5 percentage points higher than eflomal, a high-quality statistical aligner, trained on 100k parallel sentences.},
	address = {Online},
	author = {Jalili Sabet, Masoud and Dufter, Philipp and Yvon, Fran{\c{c}}ois and Sch{\"u}tze, Hinrich},
	booktitle = {Findings of the Association for Computational Linguistics: EMNLP 2020},
	doi = {10.18653/v1/2020.findings-emnlp.147},
	month = nov,
	pages = {1627--1643},
	publisher = {Association for Computational Linguistics},
	title = {{S}im{A}lign: High Quality Word Alignments Without Parallel Training Data Using Static and Contextualized Embeddings},
	url = {https://aclanthology.org/2020.findings-emnlp.147},
	year = {2020},
	bdsk-file-1 = {YnBsaXN0MDDSAQIDBFxyZWxhdGl2ZVBhdGhZYWxpYXNEYXRhXxAgLi4vLi4vTGl0ZXJhdHVyLzIwMDQuMDg3MjgtMi5wZGZPEQHWAAAAAAHWAAIAAAxNYWNpbnRvc2ggSEQAAAAAAAAAAAAAAAAAAAAAAAAAQkQAAf////8QMjAwNC4wODcyOC0yLnBkZgAAAAAAAAAAAAAAAAAAAAAAAAAAAAAAAAAAAAAAAAAAAAAAAAAAAAAAAAAAAAAA/////wAAAAAAAAAAAAAAAAACAAIAAAogY3UAAAAAAAAAAAAAAAAACUxpdGVyYXR1cgAAAgBsLzpVc2VyczpleWFsZG9sZXY6TGlicmFyeTpDbG91ZFN0b3JhZ2U6T25lRHJpdmUtUGVyc2/MiG5saWNoOlVuaTpVWkg6TWFzdGVyYXJiZWl0OkxpdGVyYXR1cjoyMDA0LjA4NzI4LTIucGRmAA4AIgAQADIAMAAwADQALgAwADgANwAyADgALQAyAC4AcABkAGYADwAaAAwATQBhAGMAaQBuAHQAbwBzAGgAIABIAEQAEgBqVXNlcnMvZXlhbGRvbGV2L0xpYnJhcnkvQ2xvdWRTdG9yYWdlL09uZURyaXZlLVBlcnNvzIhubGljaC9VbmkvVVpIL01hc3RlcmFyYmVpdC9MaXRlcmF0dXIvMjAwNC4wODcyOC0yLnBkZgATAAEvAAAVAAIAEP//AAAACAANABoAJABHAAAAAAAAAgEAAAAAAAAABQAAAAAAAAAAAAAAAAAAAiE=}}

@mastersthesis{:af,
	date-added = {2022-06-02 08:20:38 +0200},
	date-modified = {2022-06-02 08:20:38 +0200},
	bdsk-file-1 = {YnBsaXN0MDDSAQIDBFxyZWxhdGl2ZVBhdGhZYWxpYXNEYXRhXxArLi4vLi4vTGl0ZXJhdHVyLzIwMjAuZmluZGluZ3MtZW1ubHAuMjQwLnBkZk8RAgQAAAAAAgQAAgAADE1hY2ludG9zaCBIRAAAAAAAAAAAAAAAAAAAAAAAAABCRAAB/////xsyMDIwLmZpbmRpbmdzLWVtbmxwLjI0MC5wZGYAAAAAAAAAAAAAAAAAAAAAAAAAAAAAAAAAAAAAAAAAAAAAAAD/////AAAAAAAAAAAAAAAAAAIAAgAACiBjdQAAAAAAAAAAAAAAAAAJTGl0ZXJhdHVyAAACAHcvOlVzZXJzOmV5YWxkb2xldjpMaWJyYXJ5OkNsb3VkU3RvcmFnZTpPbmVEcml2ZS1QZXJzb8yIbmxpY2g6VW5pOlVaSDpNYXN0ZXJhcmJlaXQ6TGl0ZXJhdHVyOjIwMjAuZmluZGluZ3MtZW1ubHAuMjQwLnBkZgAADgA4ABsAMgAwADIAMAAuAGYAaQBuAGQAaQBuAGcAcwAtAGUAbQBuAGwAcAAuADIANAAwAC4AcABkAGYADwAaAAwATQBhAGMAaQBuAHQAbwBzAGgAIABIAEQAEgB1VXNlcnMvZXlhbGRvbGV2L0xpYnJhcnkvQ2xvdWRTdG9yYWdlL09uZURyaXZlLVBlcnNvzIhubGljaC9VbmkvVVpIL01hc3RlcmFyYmVpdC9MaXRlcmF0dXIvMjAyMC5maW5kaW5ncy1lbW5scC4yNDAucGRmAAATAAEvAAAVAAIAEP//AAAACAANABoAJABSAAAAAAAAAgEAAAAAAAAABQAAAAAAAAAAAAAAAAAAAlo=}}

@mastersthesis{:ah,
	date-added = {2022-06-02 08:20:38 +0200},
	date-modified = {2022-06-02 08:20:38 +0200},
	bdsk-file-1 = {YnBsaXN0MDDSAQIDBFxyZWxhdGl2ZVBhdGhZYWxpYXNEYXRhXxAeLi4vLi4vTGl0ZXJhdHVyL0JFUlRfcGFwZXIucGRmTxEBzgAAAAABzgACAAAMTWFjaW50b3NoIEhEAAAAAAAAAAAAAAAAAAAAAAAAAEJEAAH/////DkJFUlRfcGFwZXIucGRmAAAAAAAAAAAAAAAAAAAAAAAAAAAAAAAAAAAAAAAAAAAAAAAAAAAAAAAAAAAAAAAAAP////8AAAAAAAAAAAAAAAAAAgACAAAKIGN1AAAAAAAAAAAAAAAAAAlMaXRlcmF0dXIAAAIAai86VXNlcnM6ZXlhbGRvbGV2OkxpYnJhcnk6Q2xvdWRTdG9yYWdlOk9uZURyaXZlLVBlcnNvzIhubGljaDpVbmk6VVpIOk1hc3RlcmFyYmVpdDpMaXRlcmF0dXI6QkVSVF9wYXBlci5wZGYADgAeAA4AQgBFAFIAVABfAHAAYQBwAGUAcgAuAHAAZABmAA8AGgAMAE0AYQBjAGkAbgB0AG8AcwBoACAASABEABIAaFVzZXJzL2V5YWxkb2xldi9MaWJyYXJ5L0Nsb3VkU3RvcmFnZS9PbmVEcml2ZS1QZXJzb8yIbmxpY2gvVW5pL1VaSC9NYXN0ZXJhcmJlaXQvTGl0ZXJhdHVyL0JFUlRfcGFwZXIucGRmABMAAS8AABUAAgAQ//8AAAAIAA0AGgAkAEUAAAAAAAACAQAAAAAAAAAFAAAAAAAAAAAAAAAAAAACFw==}}

@inbook{clematide2018,
	author = {Simon Clematide and St{\'e}phanie Lehner and Johannes Gra{\"e}n and Martin Volk},
	booktitle = {Multiword Units in Machine Translation and Translation Technology},
	date-added = {2022-06-02 08:20:38 +0200},
	date-modified = {2022-06-06 14:06:23 +0200},
	doi = {https://doi.org/10.1075/cilt.341},
	editor = {Mitkov, Ruslan and Monti, Johanna and Corpas Pastor, Gloria and Seretan, Violeta},
	pages = {125-145},
	publisher = {John Benjamins},
	title = {A multilingual gold standard for translation spotting of German compounds and their corresponding multiword units in English, French, Italian and Spanish},
	year = {2018},
	bdsk-file-1 = {YnBsaXN0MDDSAQIDBFxyZWxhdGl2ZVBhdGhZYWxpYXNEYXRhXxA1Li4vLi4vTGl0ZXJhdHVyL2dvbGRfc3RhbmRhcmQvQ2xlbWF0aWRlTGVobmVyMjAxOC5wZGZPEQIUAAAAAAIUAAIAAAxNYWNpbnRvc2ggSEQAAAAAAAAAAAAAAAAAAAAAAAAAQkQAAf////8XQ2xlbWF0aWRlTGVobmVyMjAxOC5wZGYAAAAAAAAAAAAAAAAAAAAAAAAAAAAAAAAAAAAAAAAAAAAAAAAAAAAA/////wAAAAAAAAAAAAAAAAACAAMAAAogY3UAAAAAAAAAAAAAAAAADWdvbGRfc3RhbmRhcmQAAAIAgS86VXNlcnM6ZXlhbGRvbGV2OkxpYnJhcnk6Q2xvdWRTdG9yYWdlOk9uZURyaXZlLVBlcnNvzIhubGljaDpVbmk6VVpIOk1hc3RlcmFyYmVpdDpMaXRlcmF0dXI6Z29sZF9zdGFuZGFyZDpDbGVtYXRpZGVMZWhuZXIyMDE4LnBkZgAADgAwABcAQwBsAGUAbQBhAHQAaQBkAGUATABlAGgAbgBlAHIAMgAwADEAOAAuAHAAZABmAA8AGgAMAE0AYQBjAGkAbgB0AG8AcwBoACAASABEABIAf1VzZXJzL2V5YWxkb2xldi9MaWJyYXJ5L0Nsb3VkU3RvcmFnZS9PbmVEcml2ZS1QZXJzb8yIbmxpY2gvVW5pL1VaSC9NYXN0ZXJhcmJlaXQvTGl0ZXJhdHVyL2dvbGRfc3RhbmRhcmQvQ2xlbWF0aWRlTGVobmVyMjAxOC5wZGYAABMAAS8AABUAAgAQ//8AAAAIAA0AGgAkAFwAAAAAAAACAQAAAAAAAAAFAAAAAAAAAAAAAAAAAAACdA==}}

@mastersthesis{:aj,
	date-added = {2022-06-02 08:20:38 +0200},
	date-modified = {2022-06-02 08:20:38 +0200},
	bdsk-file-1 = {YnBsaXN0MDDSAQIDBFxyZWxhdGl2ZVBhdGhZYWxpYXNEYXRhXxAeLi4vLi4vTGl0ZXJhdHVyL2Zhc3RfYWxpZ24ucGRmTxEBzgAAAAABzgACAAAMTWFjaW50b3NoIEhEAAAAAAAAAAAAAAAAAAAAAAAAAEJEAAH/////DmZhc3RfYWxpZ24ucGRmAAAAAAAAAAAAAAAAAAAAAAAAAAAAAAAAAAAAAAAAAAAAAAAAAAAAAAAAAAAAAAAAAP////8AAAAAAAAAAAAAAAAAAgACAAAKIGN1AAAAAAAAAAAAAAAAAAlMaXRlcmF0dXIAAAIAai86VXNlcnM6ZXlhbGRvbGV2OkxpYnJhcnk6Q2xvdWRTdG9yYWdlOk9uZURyaXZlLVBlcnNvzIhubGljaDpVbmk6VVpIOk1hc3RlcmFyYmVpdDpMaXRlcmF0dXI6ZmFzdF9hbGlnbi5wZGYADgAeAA4AZgBhAHMAdABfAGEAbABpAGcAbgAuAHAAZABmAA8AGgAMAE0AYQBjAGkAbgB0AG8AcwBoACAASABEABIAaFVzZXJzL2V5YWxkb2xldi9MaWJyYXJ5L0Nsb3VkU3RvcmFnZS9PbmVEcml2ZS1QZXJzb8yIbmxpY2gvVW5pL1VaSC9NYXN0ZXJhcmJlaXQvTGl0ZXJhdHVyL2Zhc3RfYWxpZ24ucGRmABMAAS8AABUAAgAQ//8AAAAIAA0AGgAkAEUAAAAAAAACAQAAAAAAAAAFAAAAAAAAAAAAAAAAAAACFw==}}

@mastersthesis{:ak,
	date-added = {2022-06-02 08:20:38 +0200},
	date-modified = {2022-06-02 08:20:38 +0200},
	bdsk-file-1 = {YnBsaXN0MDDSAQIDBFxyZWxhdGl2ZVBhdGhZYWxpYXNEYXRhXxAfLi4vLi4vTGl0ZXJhdHVyL2dhbGVfY2h1cmNoLnBkZk8RAdQAAAAAAdQAAgAADE1hY2ludG9zaCBIRAAAAAAAAAAAAAAAAAAAAAAAAABCRAAB/////w9nYWxlX2NodXJjaC5wZGYAAAAAAAAAAAAAAAAAAAAAAAAAAAAAAAAAAAAAAAAAAAAAAAAAAAAAAAAAAAAAAAD/////AAAAAAAAAAAAAAAAAAIAAgAACiBjdQAAAAAAAAAAAAAAAAAJTGl0ZXJhdHVyAAACAGsvOlVzZXJzOmV5YWxkb2xldjpMaWJyYXJ5OkNsb3VkU3RvcmFnZTpPbmVEcml2ZS1QZXJzb8yIbmxpY2g6VW5pOlVaSDpNYXN0ZXJhcmJlaXQ6TGl0ZXJhdHVyOmdhbGVfY2h1cmNoLnBkZgAADgAgAA8AZwBhAGwAZQBfAGMAaAB1AHIAYwBoAC4AcABkAGYADwAaAAwATQBhAGMAaQBuAHQAbwBzAGgAIABIAEQAEgBpVXNlcnMvZXlhbGRvbGV2L0xpYnJhcnkvQ2xvdWRTdG9yYWdlL09uZURyaXZlLVBlcnNvzIhubGljaC9VbmkvVVpIL01hc3RlcmFyYmVpdC9MaXRlcmF0dXIvZ2FsZV9jaHVyY2gucGRmAAATAAEvAAAVAAIAEP//AAAACAANABoAJABGAAAAAAAAAgEAAAAAAAAABQAAAAAAAAAAAAAAAAAAAh4=}}

@mastersthesis{:al,
	date-added = {2022-06-02 08:20:38 +0200},
	date-modified = {2022-06-02 08:20:38 +0200},
	bdsk-file-1 = {YnBsaXN0MDDSAQIDBFxyZWxhdGl2ZVBhdGhZYWxpYXNEYXRhXxAvLi4vLi4vTGl0ZXJhdHVyL0ludGVyVGV4dF9FZGl0b3ItVXNlcl9HdWlkZS5wZGZPEQIUAAAAAAIUAAIAAAxNYWNpbnRvc2ggSEQAAAAAAAAAAAAAAAAAAAAAAAAAQkQAAf////8fSW50ZXJUZXh0X0VkaXRvci1Vc2VyX0d1aWRlLnBkZgAAAAAAAAAAAAAAAAAAAAAAAAAAAAAAAAAAAAAAAAAA/////wAAAAAAAAAAAAAAAAACAAIAAAogY3UAAAAAAAAAAAAAAAAACUxpdGVyYXR1cgAAAgB7LzpVc2VyczpleWFsZG9sZXY6TGlicmFyeTpDbG91ZFN0b3JhZ2U6T25lRHJpdmUtUGVyc2/MiG5saWNoOlVuaTpVWkg6TWFzdGVyYXJiZWl0OkxpdGVyYXR1cjpJbnRlclRleHRfRWRpdG9yLVVzZXJfR3VpZGUucGRmAAAOAEAAHwBJAG4AdABlAHIAVABlAHgAdABfAEUAZABpAHQAbwByAC0AVQBzAGUAcgBfAEcAdQBpAGQAZQAuAHAAZABmAA8AGgAMAE0AYQBjAGkAbgB0AG8AcwBoACAASABEABIAeVVzZXJzL2V5YWxkb2xldi9MaWJyYXJ5L0Nsb3VkU3RvcmFnZS9PbmVEcml2ZS1QZXJzb8yIbmxpY2gvVW5pL1VaSC9NYXN0ZXJhcmJlaXQvTGl0ZXJhdHVyL0ludGVyVGV4dF9FZGl0b3ItVXNlcl9HdWlkZS5wZGYAABMAAS8AABUAAgAQ//8AAAAIAA0AGgAkAFYAAAAAAAACAQAAAAAAAAAFAAAAAAAAAAAAAAAAAAACbg==}}

@mastersthesis{:am,
	date-added = {2022-06-02 08:20:38 +0200},
	date-modified = {2022-06-02 08:20:38 +0200},
	bdsk-file-1 = {YnBsaXN0MDDSAQIDBFxyZWxhdGl2ZVBhdGhZYWxpYXNEYXRhXxA6Li4vLi4vTGl0ZXJhdHVyL0xpc2FfR2FzbmVyX1JNX3BhcmFsbGVsZXNfS29ycHVzX0RFLVJHLnBkZk8RAj4AAAAAAj4AAgAADE1hY2ludG9zaCBIRAAAAAAAAAAAAAAAAAAAAAAAAABCRAAB/////x9MaXNhX0dhc25lcl9STV9wYXIjRkZGRkZGRkYucGRmAAAAAAAAAAAAAAAAAAAAAAAAAAAAAAAAAAAAAAAAAAD/////AAAAAAAAAAAAAAAAAAIAAgAACiBjdQAAAAAAAAAAAAAAAAAJTGl0ZXJhdHVyAAACAIYvOlVzZXJzOmV5YWxkb2xldjpMaWJyYXJ5OkNsb3VkU3RvcmFnZTpPbmVEcml2ZS1QZXJzb8yIbmxpY2g6VW5pOlVaSDpNYXN0ZXJhcmJlaXQ6TGl0ZXJhdHVyOkxpc2FfR2FzbmVyX1JNX3BhcmFsbGVsZXNfS29ycHVzX0RFLVJHLnBkZgAOAFYAKgBMAGkAcwBhAF8ARwBhAHMAbgBlAHIAXwBSAE0AXwBwAGEAcgBhAGwAbABlAGwAZQBzAF8ASwBvAHIAcAB1AHMAXwBEAEUALQBSAEcALgBwAGQAZgAPABoADABNAGEAYwBpAG4AdABvAHMAaAAgAEgARAASAIRVc2Vycy9leWFsZG9sZXYvTGlicmFyeS9DbG91ZFN0b3JhZ2UvT25lRHJpdmUtUGVyc2/MiG5saWNoL1VuaS9VWkgvTWFzdGVyYXJiZWl0L0xpdGVyYXR1ci9MaXNhX0dhc25lcl9STV9wYXJhbGxlbGVzX0tvcnB1c19ERS1SRy5wZGYAEwABLwAAFQACABD//wAAAAgADQAaACQAYQAAAAAAAAIBAAAAAAAAAAUAAAAAAAAAAAAAAAAAAAKj}}

@mastersthesis{:an,
	date-added = {2022-06-02 08:20:38 +0200},
	date-modified = {2022-06-02 08:20:38 +0200},
	bdsk-file-1 = {YnBsaXN0MDDSAQIDBFxyZWxhdGl2ZVBhdGhZYWxpYXNEYXRhXxA0Li4vLi4vTGl0ZXJhdHVyL01MVEFfTWFzdGVyYXJiZWl0X01hbnVlbGFfV2VpYmVsLnBkZk8RAiYAAAAAAiYAAgAADE1hY2ludG9zaCBIRAAAAAAAAAAAAAAAAAAAAAAAAABCRAAB/////x9NTFRBX01hc3RlcmFyYmVpdF8jRkZGRkZGRkYucGRmAAAAAAAAAAAAAAAAAAAAAAAAAAAAAAAAAAAAAAAAAAD/////AAAAAAAAAAAAAAAAAAIAAgAACiBjdQAAAAAAAAAAAAAAAAAJTGl0ZXJhdHVyAAACAIAvOlVzZXJzOmV5YWxkb2xldjpMaWJyYXJ5OkNsb3VkU3RvcmFnZTpPbmVEcml2ZS1QZXJzb8yIbmxpY2g6VW5pOlVaSDpNYXN0ZXJhcmJlaXQ6TGl0ZXJhdHVyOk1MVEFfTWFzdGVyYXJiZWl0X01hbnVlbGFfV2VpYmVsLnBkZgAOAEoAJABNAEwAVABBAF8ATQBhAHMAdABlAHIAYQByAGIAZQBpAHQAXwBNAGEAbgB1AGUAbABhAF8AVwBlAGkAYgBlAGwALgBwAGQAZgAPABoADABNAGEAYwBpAG4AdABvAHMAaAAgAEgARAASAH5Vc2Vycy9leWFsZG9sZXYvTGlicmFyeS9DbG91ZFN0b3JhZ2UvT25lRHJpdmUtUGVyc2/MiG5saWNoL1VuaS9VWkgvTWFzdGVyYXJiZWl0L0xpdGVyYXR1ci9NTFRBX01hc3RlcmFyYmVpdF9NYW51ZWxhX1dlaWJlbC5wZGYAEwABLwAAFQACABD//wAAAAgADQAaACQAWwAAAAAAAAIBAAAAAAAAAAUAAAAAAAAAAAAAAAAAAAKF}}

@mastersthesis{:ao,
	date-added = {2022-06-02 08:20:38 +0200},
	date-modified = {2022-06-02 08:20:38 +0200},
	bdsk-file-1 = {YnBsaXN0MDDSAQIDBFxyZWxhdGl2ZVBhdGhZYWxpYXNEYXRhXxAjLi4vLi4vTGl0ZXJhdHVyL3JhbmxwMDVwYXJhbGxlbC5wZGZPEQHkAAAAAAHkAAIAAAxNYWNpbnRvc2ggSEQAAAAAAAAAAAAAAAAAAAAAAAAAQkQAAf////8TcmFubHAwNXBhcmFsbGVsLnBkZgAAAAAAAAAAAAAAAAAAAAAAAAAAAAAAAAAAAAAAAAAAAAAAAAAAAAAAAAAA/////wAAAAAAAAAAAAAAAAACAAIAAAogY3UAAAAAAAAAAAAAAAAACUxpdGVyYXR1cgAAAgBvLzpVc2VyczpleWFsZG9sZXY6TGlicmFyeTpDbG91ZFN0b3JhZ2U6T25lRHJpdmUtUGVyc2/MiG5saWNoOlVuaTpVWkg6TWFzdGVyYXJiZWl0OkxpdGVyYXR1cjpyYW5scDA1cGFyYWxsZWwucGRmAAAOACgAEwByAGEAbgBsAHAAMAA1AHAAYQByAGEAbABsAGUAbAAuAHAAZABmAA8AGgAMAE0AYQBjAGkAbgB0AG8AcwBoACAASABEABIAbVVzZXJzL2V5YWxkb2xldi9MaWJyYXJ5L0Nsb3VkU3RvcmFnZS9PbmVEcml2ZS1QZXJzb8yIbmxpY2gvVW5pL1VaSC9NYXN0ZXJhcmJlaXQvTGl0ZXJhdHVyL3JhbmxwMDVwYXJhbGxlbC5wZGYAABMAAS8AABUAAgAQ//8AAAAIAA0AGgAkAEoAAAAAAAACAQAAAAAAAAAFAAAAAAAAAAAAAAAAAAACMg==}}

@mastersthesis{:ap,
	date-added = {2022-06-02 08:20:38 +0200},
	date-modified = {2022-06-02 08:20:38 +0200},
	bdsk-file-1 = {YnBsaXN0MDDSAQIDBFxyZWxhdGl2ZVBhdGhZYWxpYXNEYXRhXxAqLi4vLi4vTGl0ZXJhdHVyL3NlbnQtYWxpZ24yLWFtdGEtZmluYWwucGRmTxEB/gAAAAAB/gACAAAMTWFjaW50b3NoIEhEAAAAAAAAAAAAAAAAAAAAAAAAAEJEAAH/////GnNlbnQtYWxpZ24yLWFtdGEtZmluYWwucGRmAAAAAAAAAAAAAAAAAAAAAAAAAAAAAAAAAAAAAAAAAAAAAAAAAP////8AAAAAAAAAAAAAAAAAAgACAAAKIGN1AAAAAAAAAAAAAAAAAAlMaXRlcmF0dXIAAAIAdi86VXNlcnM6ZXlhbGRvbGV2OkxpYnJhcnk6Q2xvdWRTdG9yYWdlOk9uZURyaXZlLVBlcnNvzIhubGljaDpVbmk6VVpIOk1hc3RlcmFyYmVpdDpMaXRlcmF0dXI6c2VudC1hbGlnbjItYW10YS1maW5hbC5wZGYADgA2ABoAcwBlAG4AdAAtAGEAbABpAGcAbgAyAC0AYQBtAHQAYQAtAGYAaQBuAGEAbAAuAHAAZABmAA8AGgAMAE0AYQBjAGkAbgB0AG8AcwBoACAASABEABIAdFVzZXJzL2V5YWxkb2xldi9MaWJyYXJ5L0Nsb3VkU3RvcmFnZS9PbmVEcml2ZS1QZXJzb8yIbmxpY2gvVW5pL1VaSC9NYXN0ZXJhcmJlaXQvTGl0ZXJhdHVyL3NlbnQtYWxpZ24yLWFtdGEtZmluYWwucGRmABMAAS8AABUAAgAQ//8AAAAIAA0AGgAkAFEAAAAAAAACAQAAAAAAAAAFAAAAAAAAAAAAAAAAAAACUw==}}

@mastersthesis{:aq,
	date-added = {2022-06-02 08:20:38 +0200},
	date-modified = {2022-06-02 08:20:38 +0200},
	bdsk-file-1 = {YnBsaXN0MDDSAQIDBFxyZWxhdGl2ZVBhdGhZYWxpYXNEYXRhXxAzLi4vLi4vTGl0ZXJhdHVyL2dvbGRfc3RhbmRhcmQvTWloYWxjZWFfUGVkZXJzZW4ucGRmTxECDAAAAAACDAACAAAMTWFjaW50b3NoIEhEAAAAAAAAAAAAAAAAAAAAAAAAAEJEAAH/////FU1paGFsY2VhX1BlZGVyc2VuLnBkZgAAAAAAAAAAAAAAAAAAAAAAAAAAAAAAAAAAAAAAAAAAAAAAAAAAAAAAAP////8AAAAAAAAAAAAAAAAAAgADAAAKIGN1AAAAAAAAAAAAAAAAAA1nb2xkX3N0YW5kYXJkAAACAH8vOlVzZXJzOmV5YWxkb2xldjpMaWJyYXJ5OkNsb3VkU3RvcmFnZTpPbmVEcml2ZS1QZXJzb8yIbmxpY2g6VW5pOlVaSDpNYXN0ZXJhcmJlaXQ6TGl0ZXJhdHVyOmdvbGRfc3RhbmRhcmQ6TWloYWxjZWFfUGVkZXJzZW4ucGRmAAAOACwAFQBNAGkAaABhAGwAYwBlAGEAXwBQAGUAZABlAHIAcwBlAG4ALgBwAGQAZgAPABoADABNAGEAYwBpAG4AdABvAHMAaAAgAEgARAASAH1Vc2Vycy9leWFsZG9sZXYvTGlicmFyeS9DbG91ZFN0b3JhZ2UvT25lRHJpdmUtUGVyc2/MiG5saWNoL1VuaS9VWkgvTWFzdGVyYXJiZWl0L0xpdGVyYXR1ci9nb2xkX3N0YW5kYXJkL01paGFsY2VhX1BlZGVyc2VuLnBkZgAAEwABLwAAFQACABD//wAAAAgADQAaACQAWgAAAAAAAAIBAAAAAAAAAAUAAAAAAAAAAAAAAAAAAAJq}}

@inproceedings{holmqvist-ahrenberg-2011-gold,
	address = {Riga, Latvia},
	author = {Holmqvist, Maria and Ahrenberg, Lars},
	booktitle = {Proceedings of the 18th Nordic Conference of Computational Linguistics ({NODALIDA} 2011)},
	month = may,
	pages = {106--113},
	publisher = {Northern European Association for Language Technology (NEALT)},
	title = {A Gold Standard for {E}nglish-{S}wedish Word Alignment},
	url = {https://aclanthology.org/W11-4615},
	year = {2011},
	bdsk-file-1 = {YnBsaXN0MDDSAQIDBFxyZWxhdGl2ZVBhdGhZYWxpYXNEYXRhXxA6Li4vLi4vTGl0ZXJhdHVyL2dvbGRfc3RhbmRhcmQvSG9sbXF2aXN0X0FocmVuYmVyZ18yMDExLnBkZk8RAiYAAAAAAiYAAgAADE1hY2ludG9zaCBIRAAAAAAAAAAAAAAAAAAAAAAAAABCRAAB/////xxIb2xtcXZpc3RfQWhyZW5iZXJnXzIwMTEucGRmAAAAAAAAAAAAAAAAAAAAAAAAAAAAAAAAAAAAAAAAAAAAAAD/////AAAAAAAAAAAAAAAAAAIAAwAACiBjdQAAAAAAAAAAAAAAAAANZ29sZF9zdGFuZGFyZAAAAgCGLzpVc2VyczpleWFsZG9sZXY6TGlicmFyeTpDbG91ZFN0b3JhZ2U6T25lRHJpdmUtUGVyc2/MiG5saWNoOlVuaTpVWkg6TWFzdGVyYXJiZWl0OkxpdGVyYXR1cjpnb2xkX3N0YW5kYXJkOkhvbG1xdmlzdF9BaHJlbmJlcmdfMjAxMS5wZGYADgA6ABwASABvAGwAbQBxAHYAaQBzAHQAXwBBAGgAcgBlAG4AYgBlAHIAZwBfADIAMAAxADEALgBwAGQAZgAPABoADABNAGEAYwBpAG4AdABvAHMAaAAgAEgARAASAIRVc2Vycy9leWFsZG9sZXYvTGlicmFyeS9DbG91ZFN0b3JhZ2UvT25lRHJpdmUtUGVyc2/MiG5saWNoL1VuaS9VWkgvTWFzdGVyYXJiZWl0L0xpdGVyYXR1ci9nb2xkX3N0YW5kYXJkL0hvbG1xdmlzdF9BaHJlbmJlcmdfMjAxMS5wZGYAEwABLwAAFQACABD//wAAAAgADQAaACQAYQAAAAAAAAIBAAAAAAAAAAUAAAAAAAAAAAAAAAAAAAKL}}

@inproceedings{steingrimsson-etal-2021-combalign,
	address = {Reykjavik, Iceland (Online)},
	author = {Steingr{\'\i}msson, Stein{\th}{\'o}r and Loftsson, Hrafn and Way, Andy},
	booktitle = {Proceedings of the 23rd Nordic Conference on Computational Linguistics (NoDaLiDa)},
	date-added = {2022-06-02 08:20:18 +0200},
	date-modified = {2022-06-02 08:20:18 +0200},
	month = may # { 31--2 } # jun,
	pages = {64--73},
	publisher = {Link{\"o}ping University Electronic Press, Sweden},
	title = {{C}omb{A}lign: a Tool for Obtaining High-Quality Word Alignments},
	url = {https://aclanthology.org/2021.nodalida-main.7},
	year = {2021},
	bdsk-file-1 = {YnBsaXN0MDDSAQIDBFxyZWxhdGl2ZVBhdGhZYWxpYXNEYXRhXxAoLi4vLi4vTGl0ZXJhdHVyLzIwMjEubm9kYWxpZGEtbWFpbi43LnBkZk8RAfYAAAAAAfYAAgAADE1hY2ludG9zaCBIRAAAAAAAAAAAAAAAAAAAAAAAAABCRAAB/////xgyMDIxLm5vZGFsaWRhLW1haW4uNy5wZGYAAAAAAAAAAAAAAAAAAAAAAAAAAAAAAAAAAAAAAAAAAAAAAAAAAAD/////AAAAAP//////////AAIAAgAACiBjdQAAAAAAAAAAAAAAAAAJTGl0ZXJhdHVyAAACAHQvOlVzZXJzOmV5YWxkb2xldjpMaWJyYXJ5OkNsb3VkU3RvcmFnZTpPbmVEcml2ZS1QZXJzb8yIbmxpY2g6VW5pOlVaSDpNYXN0ZXJhcmJlaXQ6TGl0ZXJhdHVyOjIwMjEubm9kYWxpZGEtbWFpbi43LnBkZgAOADIAGAAyADAAMgAxAC4AbgBvAGQAYQBsAGkAZABhAC0AbQBhAGkAbgAuADcALgBwAGQAZgAPABoADABNAGEAYwBpAG4AdABvAHMAaAAgAEgARAASAHJVc2Vycy9leWFsZG9sZXYvTGlicmFyeS9DbG91ZFN0b3JhZ2UvT25lRHJpdmUtUGVyc2/MiG5saWNoL1VuaS9VWkgvTWFzdGVyYXJiZWl0L0xpdGVyYXR1ci8yMDIxLm5vZGFsaWRhLW1haW4uNy5wZGYAEwABLwAAFQACABD//wAAAAgADQAaACQATwAAAAAAAAIBAAAAAAAAAAUAAAAAAAAAAAAAAAAAAAJJ}}

@mastersthesis{weibel,
	author = {Manuela Weibel},
	date-added = {2022-06-02 08:20:18 +0200},
	date-modified = {2022-06-02 08:20:18 +0200},
	school = {Universit{\"a}t Z{\"u}rich},
	title = {Aufbau paralleler Korpora und Implementierung eines wortalignierten Suchsystems fu{\"u}r Deutsch -- Rumantsch Grischun},
	year = {2014},
	bdsk-file-1 = {YnBsaXN0MDDSAQIDBFxyZWxhdGl2ZVBhdGhZYWxpYXNEYXRhXxA0Li4vLi4vTGl0ZXJhdHVyL01MVEFfTWFzdGVyYXJiZWl0X01hbnVlbGFfV2VpYmVsLnBkZk8RAiYAAAAAAiYAAgAADE1hY2ludG9zaCBIRAAAAAAAAAAAAAAAAAAAAAAAAABCRAAB/////x9NTFRBX01hc3RlcmFyYmVpdF8jRkZGRkZGRkYucGRmAAAAAAAAAAAAAAAAAAAAAAAAAAAAAAAAAAAAAAAAAAD/////AAAAAAAAAAAAAAAAAAIAAgAACiBjdQAAAAAAAAAAAAAAAAAJTGl0ZXJhdHVyAAACAIAvOlVzZXJzOmV5YWxkb2xldjpMaWJyYXJ5OkNsb3VkU3RvcmFnZTpPbmVEcml2ZS1QZXJzb8yIbmxpY2g6VW5pOlVaSDpNYXN0ZXJhcmJlaXQ6TGl0ZXJhdHVyOk1MVEFfTWFzdGVyYXJiZWl0X01hbnVlbGFfV2VpYmVsLnBkZgAOAEoAJABNAEwAVABBAF8ATQBhAHMAdABlAHIAYQByAGIAZQBpAHQAXwBNAGEAbgB1AGUAbABhAF8AVwBlAGkAYgBlAGwALgBwAGQAZgAPABoADABNAGEAYwBpAG4AdABvAHMAaAAgAEgARAASAH5Vc2Vycy9leWFsZG9sZXYvTGlicmFyeS9DbG91ZFN0b3JhZ2UvT25lRHJpdmUtUGVyc2/MiG5saWNoL1VuaS9VWkgvTWFzdGVyYXJiZWl0L0xpdGVyYXR1ci9NTFRBX01hc3RlcmFyYmVpdF9NYW51ZWxhX1dlaWJlbC5wZGYAEwABLwAAFQACABD//wAAAAgADQAaACQAWwAAAAAAAAIBAAAAAAAAAAUAAAAAAAAAAAAAAAAAAAKF}}

@inproceedings{och-ney-2000-improved,
    title = "Improved Statistical Alignment Models",
    author = "Och, Franz Josef  and
      Ney, Hermann",
    booktitle = "Proceedings of the 38th Annual Meeting of the Association for Computational Linguistics",
    month = oct,
    year = "2000",
    address = "Hong Kong",
    publisher = "Association for Computational Linguistics",
    url = "https://aclanthology.org/P00-1056",
    doi = "10.3115/1075218.1075274",
    pages = "440--447",
}


@inproceedings{mihalcea-pedersen-2003-evaluation,
    title = "An Evaluation Exercise for Word Alignment",
    author = "Mihalcea, Rada  and
      Pedersen, Ted",
    booktitle = "Proceedings of the {HLT}-{NAACL} 2003 Workshop on Building and Using Parallel Texts: Data Driven Machine Translation and Beyond",
    year = "2003",
    url = "https://aclanthology.org/W03-0301",
    pages = "1--10",
}

@MISC{Vronis00evaluationof,
    author = {Jean Vronis and Philippe Langlais},
    title = {Evaluation of parallel text alignment systems - The ARCADE project},
    year = {2000}
}

@book{bauer1988,
	author= "Laurie Bauer",
	title = "Introducing Linguistic Morphology",
	year = 1988,
	publisher = "Edinburgh University Press"
}
