@online{staka, 
    author = {{Standeskanzlei Graub√ºnden}},
    title = {State Chancellery of Grisons},
    year = 2022,
    url = {https://www.gr.ch/EN/institutions/administration/staka/Seiten/Home.aspx},
    urldate = {2022-06-29}
}